<record xmlns="http://www.loc.gov/MARC21/slim" xmlns:xsi="http://www.w3.org/2001/XMLSchema-instance" xsi:schemaLocation="http://www.loc.gov/MARC21/slim http://www.loc.gov/standards/marcxml/schema/MARC21slim.xsd"><leader>00037nz   2200037n  4500</leader><controlfield tag="001">DNB|118649841</controlfield><controlfield tag="003">DNB</controlfield><controlfield tag="005">20080406012001.0</controlfield><controlfield tag="008">880701n||aznnnabbn           | aaa    |c</controlfield><datafield ind1=" " ind2=" " tag="035"><subfield code="a">(DE-101)118649841</subfield></datafield><datafield ind1=" " ind2=" " tag="035"><subfield code="a">(DE-588a)118649841</subfield></datafield><datafield ind1=" " ind2=" " tag="035"><subfield code="a">(DE-588c)4085862-5</subfield></datafield><datafield ind1=" " ind2=" " tag="040"><subfield code="a">DE-101</subfield><subfield code="b">ger</subfield><subfield code="c">DE-101</subfield><subfield code="e">rakwb</subfield><subfield code="d">9999</subfield></datafield><datafield ind1=" " ind2=" " tag="043"><subfield code="c">XS</subfield></datafield><datafield ind1=" " ind2="7" tag="049"><subfield code="2">iso639-2</subfield><subfield code="a">grc</subfield></datafield><datafield ind1=" " ind2=" " tag="065"><subfield code="2">sswd</subfield><subfield code="a">11.2p</subfield></datafield><datafield ind1=" " ind2=" " tag="065"><subfield code="2">sswd</subfield><subfield code="a">4.7p</subfield></datafield><datafield ind1=" " ind2=" " tag="079"><subfield code="a">p</subfield><subfield code="q">f</subfield><subfield code="q">p</subfield><subfield code="q">s</subfield><subfield code="t">12</subfield><subfield code="t">12-PAN</subfield><subfield code="u">v</subfield></datafield><datafield ind1="0" ind2=" " tag="100"><subfield code="a">Apollonius</subfield><subfield code="c">Sophista</subfield><subfield code="d">fl.1. Jh.</subfield></datafield><datafield ind1="0" ind2=" " tag="400"><subfield code="w">i</subfield><subfield code="i">rakoeb</subfield><subfield code="a">Apollonios</subfield><subfield code="c">der Sophist</subfield><subfield code="d">fl.1. Jh.</subfield></datafield><datafield ind1="0" ind2=" " tag="400"><subfield code="a">Apollonios</subfield><subfield code="c">Sophistes</subfield><subfield code="d">fl.1. Jh.</subfield></datafield><datafield ind1="0" ind2=" " tag="400"><subfield code="a">Apollonius</subfield><subfield code="c">Archibii</subfield><subfield code="d">fl.1. Jh.</subfield></datafield><datafield ind1="0" ind2=" " tag="400"><subfield code="a">Apollonius</subfield><subfield code="c">Archibius</subfield><subfield code="d">fl.1. Jh.</subfield></datafield><datafield ind1="0" ind2=" " tag="400"><subfield code="a">Apollonios</subfield><subfield code="c">Sohn des Archibios</subfield><subfield code="d">fl.1. Jh.</subfield></datafield><datafield ind1="0" ind2=" " tag="400"><subfield code="a">Apollonios</subfield><subfield code="c">Grammatiker</subfield><subfield code="d">fl.1. Jh.</subfield></datafield><datafield ind1="0" ind2=" " tag="400"><subfield code="a">Apollonius</subfield><subfield code="c">Son of Archibius</subfield><subfield code="d">fl.1. Jh.</subfield></datafield><datafield ind1="0" ind2=" " tag="400"><subfield code="a">Apollonio</subfield><subfield code="c">Sofista</subfield><subfield code="d">fl.1. Jh.</subfield></datafield><datafield ind1="0" ind2=" " tag="400"><subfield code="a">Apollonio</subfield><subfield code="c">Grammatico</subfield><subfield code="d">fl.1. Jh.</subfield></datafield><datafield ind1=" " ind2=" " tag="549"><subfield code="w">i</subfield><subfield code="i">Zeit</subfield><subfield code="a">1. Jh.</subfield></datafield><datafield ind1=" " ind2=" " tag="549"><subfield code="w">i</subfield><subfield code="i">UDK-Zeitcode</subfield><subfield code="a">01</subfield></datafield><datafield ind1=" " ind2=" " tag="667"><subfield code="a">TITAN</subfield></datafield><datafield ind1=" " ind2=" " tag="670"><subfield code="a">PAN; Thes. ling. Graec.; Lex. alte Welt</subfield></datafield><datafield ind1=" " ind2=" " tag="678"><subfield code="a">Lexicon Homericum; Griech. Sophist, Grammatiker</subfield></datafield><datafield ind1=" " ind2=" " tag="692"><subfield code="a">Apollonius &lt;Sophista&gt;: Lexicon graecum Illiados. - 1773</subfield></datafield><datafield ind1=" " ind2=" " tag="692"><subfield code="a">Apollonius &lt;Sophista&gt;: Lexicon graecum Iliadis et Odysseae. - 1773</subfield></datafield><datafield ind1=" " ind2=" " tag="692"><subfield code="a">Apollonius &lt;Sophista&gt;: Lexicon Homericum. - 1773</subfield></datafield><datafield ind1=" " ind2=" " tag="692"><subfield code="a">Apollonius &lt;Sophista&gt;: Lexicon graecum Iliadis et Odysseae. - 1788</subfield></datafield><datafield ind1=" " ind2=" " tag="692"><subfield code="a">Apollonius &lt;Sophista&gt;: Lexicon Homericum. - 1833</subfield></datafield><datafield ind1=" " ind2=" " tag="910"><subfield code="a">lexicon graecum illiados</subfield><subfield code="9">1</subfield></datafield><datafield ind1=" " ind2=" " tag="910"><subfield code="a">lexicon homericum</subfield><subfield code="9">2</subfield><subfield code="A">Lexicon Homericum</subfield><subfield code="l">ger</subfield></datafield><datafield ind1=" " ind2=" " tag="910"><subfield code="a">lexicon graecum iliadis et odysseae</subfield><subfield code="9">1</subfield></datafield><datafield ind1=" " ind2=" " tag="921"><subfield code="a">g olms</subfield><subfield code="9">1</subfield><subfield code="b">G. Olms</subfield><subfield code="l">ger</subfield></datafield><datafield ind1=" " ind2=" " tag="922"><subfield code="a">gr</subfield><subfield code="9">1</subfield></datafield><datafield ind1=" " ind2=" " tag="922"><subfield code="a">gw</subfield><subfield code="9">1</subfield></datafield><datafield ind1=" " ind2=" " tag="930"><subfield code="a">apollonius sophista</subfield><subfield code="9">1</subfield></datafield><datafield ind1=" " ind2=" " tag="940"><subfield code="a">ger</subfield><subfield code="9">1</subfield></datafield><datafield ind1=" " ind2=" " tag="941"><subfield code="a">aut</subfield><subfield code="9">1</subfield></datafield><datafield ind1=" " ind2=" " tag="942"><subfield code="a">273</subfield><subfield code="9">1</subfield></datafield><datafield ind1=" " ind2=" " tag="942"><subfield code="a">264</subfield><subfield code="9">1</subfield></datafield><datafield ind1=" " ind2=" " tag="943"><subfield code="a">183x</subfield><subfield code="9">1</subfield></datafield><datafield ind1=" " ind2=" " tag="943"><subfield code="a">178x</subfield><subfield code="9">1</subfield></datafield><datafield ind1=" " ind2=" " tag="943"><subfield code="a">177x</subfield><subfield code="9">1</subfield></datafield><datafield ind1=" " ind2=" " tag="943"><subfield code="a">196x</subfield><subfield code="9">1</subfield></datafield><datafield ind1=" " ind2=" " tag="944"><subfield code="a">am</subfield><subfield code="9">1</subfield></datafield><datafield ind1=" " ind2=" " tag="945"><subfield code="a">15</subfield><subfield code="9">1</subfield></datafield><datafield ind1=" " ind2=" " tag="950"><subfield code="a">bekker immanuel</subfield><subfield code="9">1</subfield><subfield code="A">Bekker, Immanuel</subfield><subfield code="d">1785-1871</subfield><subfield code="l">ger</subfield></datafield><datafield ind1=" " ind2=" " tag="996"><subfield code="2">NLIlat|000010898</subfield></datafield><datafield ind1=" " ind2=" " tag="996"><subfield code="2">NLIlat|000010899</subfield></datafield><datafield ind1=" " ind2=" " tag="996"><subfield code="2">PICA|141389524</subfield></datafield><datafield ind1=" " ind2=" " tag="996"><subfield code="2">NLIlat|000010901</subfield></datafield><datafield ind1=" " ind2=" " tag="996"><subfield code="2">PICA|06939766X</subfield></datafield><datafield ind1=" " ind2=" " tag="996"><subfield code="2">NLA|000035798070</subfield></datafield><datafield ind1=" " ind2=" " tag="996"><subfield code="2">NLIlat|000010900</subfield></datafield><datafield ind1=" " ind2=" " tag="996"><subfield code="2">BAV|ADV10102864</subfield></datafield><datafield ind1=" " ind2=" " tag="996"><subfield code="2">PICA|069836728</subfield></datafield><datafield ind1=" " ind2=" " tag="996"><subfield code="2">SELIBR|174784</subfield></datafield><datafield ind1=" " ind2=" " tag="996"><subfield code="2">PICA|069836663</subfield></datafield><datafield ind1=" " ind2=" " tag="996"><subfield code="2">RERO|vtls000008387</subfield></datafield><datafield ind1=" " ind2=" " tag="996"><subfield code="2">PICA|069836744</subfield></datafield><datafield ind1=" " ind2=" " tag="996"><subfield code="2">BAV|ADV11507694</subfield></datafield><datafield ind1=" " ind2=" " tag="996"><subfield code="2">NLA|000035007494</subfield></datafield><datafield ind1=" " ind2=" " tag="996"><subfield code="2">LC|n  79004116</subfield></datafield><datafield ind1=" " ind2=" " tag="996"><subfield code="2">JPG|500032190</subfield></datafield><datafield ind1=" " ind2=" " tag="996"><subfield code="2">JPG|500003085</subfield></datafield><datafield ind1=" " ind2=" " tag="996"><subfield code="2">LC|nr 99007996</subfield></datafield><datafield ind1=" " ind2=" " tag="996"><subfield code="2">PICA|068950772</subfield></datafield><datafield ind1=" " ind2=" " tag="996"><subfield code="2">LC|no2006132042</subfield></datafield><datafield ind1=" " ind2=" " tag="996"><subfield code="2">PICA|119765462</subfield></datafield><datafield ind1=" " ind2=" " tag="996"><subfield code="2">PICA|069812780</subfield></datafield><datafield ind1=" " ind2=" " tag="996"><subfield code="2">LC|n  82054983</subfield></datafield><datafield ind1=" " ind2=" " tag="996"><subfield code="2">PICA|069836590</subfield></datafield><datafield ind1=" " ind2=" " tag="996"><subfield code="2">NLIlat|000195260</subfield></datafield><datafield ind1=" " ind2=" " tag="996"><subfield code="2">PICA|189039787</subfield></datafield><datafield ind1=" " ind2=" " tag="996"><subfield code="2">ICCU|SBLV275750</subfield></datafield><datafield ind1=" " ind2=" " tag="996"><subfield code="2">PICA|069837007</subfield></datafield><datafield ind1=" " ind2=" " tag="996"><subfield code="2">BAV|ADV11479489</subfield></datafield><datafield ind1=" " ind2=" " tag="996"><subfield code="2">PICA|069836507</subfield></datafield><datafield ind1=" " ind2=" " tag="996"><subfield code="2">PICA|069880816</subfield></datafield><datafield ind1=" " ind2=" " tag="996"><subfield code="2">LC|n  84003189</subfield></datafield><datafield ind1=" " ind2=" " tag="996"><subfield code="2">EGAXA|vtls001056733</subfield></datafield><datafield ind1=" " ind2=" " tag="996"><subfield code="2">PICA|069836698</subfield></datafield><datafield ind1=" " ind2=" " tag="996"><subfield code="2">PICA|175294259</subfield></datafield><datafield ind1=" " ind2=" " tag="996"><subfield code="2">LC|no 00011450</subfield></datafield><datafield ind1=" " ind2=" " tag="996"><subfield code="2">PTBNP|5633</subfield></datafield><datafield ind1=" " ind2=" " tag="996"><subfield code="2">PICA|069836515</subfield></datafield><datafield ind1=" " ind2=" " tag="996"><subfield code="2">PICA|069836736</subfield></datafield><datafield ind1=" " ind2=" " tag="996"><subfield code="2">LC|n  80008541</subfield></datafield><datafield ind1=" " ind2=" " tag="996"><subfield code="2">PICA|06982665X</subfield></datafield><datafield ind1=" " ind2=" " tag="996"><subfield code="2">NLA|000035173337</subfield></datafield><datafield ind1=" " ind2=" " tag="996"><subfield code="2">BNF|12315308</subfield></datafield><datafield ind1=" " ind2=" " tag="996"><subfield code="2">PICA|069836876</subfield></datafield><datafield ind1=" " ind2=" " tag="996"><subfield code="2">LC|nr 94009549</subfield></datafield><datafield ind1=" " ind2=" " tag="996"><subfield code="2">PICA|069826668</subfield></datafield><datafield ind1=" " ind2=" " tag="996"><subfield code="2">PICA|069826722</subfield></datafield><datafield ind1=" " ind2=" " tag="996"><subfield code="2">PICA|072821035</subfield></datafield><datafield ind1=" " ind2=" " tag="996"><subfield code="2">PICA|069664757</subfield></datafield><datafield ind1=" " ind2=" " tag="996"><subfield code="2">BAV|ADV11061185</subfield></datafield><datafield ind1=" " ind2=" " tag="996"><subfield code="2">LC|n 2004044898</subfield></datafield><datafield ind1=" " ind2=" " tag="996"><subfield code="2">RERO|vtls000008386</subfield></datafield><datafield ind1=" " ind2=" " tag="996"><subfield code="2">NLA|000035144367</subfield></datafield><datafield ind1=" " ind2=" " tag="996"><subfield code="2">NLA|000035070344</subfield></datafield><datafield ind1=" " ind2=" " tag="996"><subfield code="2">PICA|069826749</subfield></datafield><datafield ind1=" " ind2=" " tag="997"><subfield code="a">0 0 flourished 0 0</subfield><subfield code="9">1</subfield></datafield><datafield ind1=" " ind2=" " tag="998"><subfield code="a">Apollonius,</subfield><subfield code="c">sophista,</subfield><subfield code="d">f. c. 100</subfield><subfield code="2">BAV|ADV10279702</subfield><subfield code="3">title: (0.89, " apollonii sophistae lexicon graecum iliadis et odysseae ", " lexicon graecum iliadis et odysseae ")</subfield></datafield><datafield ind1=" " ind2=" " tag="999"><subfield code="a">DDB|454589468</subfield></datafield></record>